@online{Kapsch,
  title = {{Kapsch TrafficCom}},
  url = {http://www.kapsch.net/en/ktc/}
}

@online{Traficon,
  title = {{Traficon}},
  url = {http://www.traficon.com}
}

@online{Citilog,
  title = {{Citilog}},
  url = {http://www.citilog.com}
}

@inproceedings{DMCPclustering,
	author		= {P. Wang and R. Dai and I. F. Akyildiz},
	title		= {Collaborative data compression using clustered source coding for wireless multimedia sensor networks},
	booktitle	= {Proceedings of IEEE INFOCOM},
	pages		= {1-9},
	year		= {2010},
	month		= {March}
}

@inproceedings{imageModelCluster,
	author		= {P. Wang and R. Dai and I. F. Akyildiz},
	title		= {Visual Correlation-Based Image Gathering for Wireless Multimedia Sensor Networks},
	booktitle	= {Proceedings of IEEE INFOCOM},
	pages		= {2489-2497},
	year		= {2011},
	month		= {March}
}

@article{TDMASchedule,
  author = {S. C. Ergen and P. Varaiya},
  year = {2010},
  title = {{TDMA} scheduling algorithms for wireless sensor networks},
  journal = {Wireless Networks},
  volume = {16},
  number = {4},
  pages = {985-997}
}

@article{clusterScheduleMinEnergy,
  author = {L. Shi and A. Fapojuwo},
  year = {2010},
  title = {{TDMA} scheduling with optimized energy efficiency and minimum delay in clustered wireless sensor networks},
  journal = {IEEE Transactions on Mobile Computing},
  volume = {9},
  number = {7},
  pages = {927-940}
}

@inproceedings{dataCentric,
	author		= {T. C. Juan and S. E. Wei and H. Y. Hsieh},
	title		= {Data-centric clustering for data gathering in machine-to-machine wireless networks},
	booktitle	= {Proceedings of IEEE ICC Workshops},
	pages		= {89-94},
	year		= {2013},
	month		= {June}
}

@INPROCEEDINGS{VirtualReality,
author={Faisal Z. Qureshi and Demetri Terzopoulos},
booktitle={IEEE Conference on Computer Vision and Pattern Recognition},
title={Surveillance in Virtual Reality: System Design and Multi-Camera Control},
year={2007},
month={June},
pages={1-8},
doi={10.1109/CVPR.2007.383071},
ISSN={1063-6919}
}
@ARTICLE{VsnChallenges,
author={Youssef Charfi and Naoki Wakamiya and Masayuki Murata},
journal={IEEE Wireless Communications},
title={Challenging issues in visual sensor networks},
year={2009},
month={April},
volume={16},
number={2},
pages={44-49},
doi={10.1109/MWC.2009.4907559},
ISSN={1536-1284}
}
@INPROCEEDINGS{VehicleSurveillance,
author={S. Denman and C. Fookes and J. Cook and C. Davoren and A. Mamic and G. Farquharson and D. Chen and B. Chen and S. Sridharan},
booktitle={Proceedings of IEEE International Conference on Video and Signal Based Surveillance},
title={Multi-view Intelligent Vehicle Surveillance System},
year={2006},
month={Nov},
pages={26-26},
doi={10.1109/AVSS.2006.78}
}
@INPROCEEDINGS{ClusteredSynopsis,
author={Yael Pritch and Sarit Ratovitch and Avishai Hendel and Shmuel Peleg},
booktitle={Proceedings of IEEE International Conference on Advanced Video and Signal Based Surveillance},
title={Clustered Synopsis of Surveillance Video},
year={2009},
month={Sept},
pages={195-200},
doi={10.1109/AVSS.2009.53}
}
@INPROCEEDINGS{CameraSelection,
author={Linda Tessens and Marleen Morbee and Huang Lee and Wilfried Philips and Hamid Aghajan},
booktitle={Proceedings of ACM/IEEE International Conference on Distributed Smart Cameras},
title={Principal view determination for camera selection in distributed smart camera networks},
year={2008},
month={Sept},
pages={1-10},
doi={10.1109/ICDSC.2008.4635699}
}
@INPROCEEDINGS{OVVV,
author={Geoffrey R. Taylor and Andrew J. Chosak and Paul C. Brewer},
booktitle={Proceedings of IEEE Conference on Computer Vision and Pattern Recognition},
title={OVVV: Using Virtual Worlds to Design and Evaluate Surveillance Systems},
year={2007},
month={June},
pages={1-8},
doi={10.1109/CVPR.2007.383518},
ISSN={1063-6919}
}
@ARTICLE{SpatialCorrelationModel,
author={Rui Dai and Ian F. Akyildiz},
journal={IEEE Transactions on Multimedia},
title={A Spatial Correlation Model for Visual Information in Wireless Multimedia Sensor Networks},
year={2009},
month={Oct},
volume={11},
number={6},
pages={1148-1159},
doi={10.1109/TMM.2009.2026100},
ISSN={1520-9210}
}
@INPROCEEDINGS{RealisticModel,
author={S. Colonnese and F. Cuomo and O. Damiano and V. De Pascalis and T. Melodia},
booktitle={Proceedings of Wireless Advanced (WiAd)},
title={On the adoption of multiview video coding in wireless multimedia sensor networks},
year={2011},
month={June},
pages={218-223},
doi={10.1109/WiAd.2011.5983258}
}
@ARTICLE{DVC,
author={B. Girod and A. M. Aaron and S. Rane and D. Rebollo-Monedero},
journal={Proceedings of the IEEE},
title={Distributed Video Coding},
year={2005},
month={Jan},
volume={93},
number={1},
pages={71-83}
}
@ARTICLE{DVCinWSN,
author={Rohit Puri and Abhik Majumdar and Prakash Ishwar and Kannan Ramchandran},
journal={IEEE Signal Processing Magazine},
title={Distributed video coding in wireless sensor networks},
year={2006},
month={July},
volume={23},
number={4},
pages={94-106}
}
@INPROCEEDINGS{DVCinWMSN,
author={Nantheera Anantrasirichai and Dimitris Agrafiotis and Dave Bull},
booktitle={Proceedings of 5th International Conference on Visual Information Engineering},
title={Distributed video coding for wireless multi-camera networks},
year={2008},
month={July},
pages={67-70},
ISSN={0537-9989}
}
@INPROCEEDINGS{DVCinMVC,
author={P. Ferre and D. Agrafiotis and D. Bull},
booktitle={Proceedings of IEEE International Conference on Image Processing},
title={Fusion Methods for Side Information Generation in Multi-View Distributed Video Coding Systems},
year={2007},
month={Sept},
volume={6},
pages={409-412}
}
@ARTICLE{MDS,
year={2005},
issn={0178-2770},
journal={Distributed Computing},
volume={17},
number={4},
doi={10.1007/s00446-004-0112-5},
title={Constant-time distributed dominating set approximation},
publisher={Springer-Verlag},
author={Fabian Kuhn and Roger Wattenhofer},
pages={303-310}
}
@article{MISisDS,
title = {Hardness results and approximation algorithms of k-tuple domination in graphs},
journal = {Information Processing Letters},
volume = {89},
number = {2},
pages = {75 - 83},
year = {2004},
issn = {0020-0190},
doi = {http://dx.doi.org/10.1016/j.ipl.2003.10.004},
author = {Ralf Klasing and Christian Laforest}
}
@article{MIS,
year={1995},
issn={0925-5001},
journal={Journal of Global Optimization},
volume={6},
number={2},
doi={10.1007/BF01096763},
title={Greedy Randomized Adaptive Search Procedures},
publisher={Kluwer Academic Publishers},
author={Thomas A. Feo and Mauricio G. C. Resende},
pages={109-133}
}
@article{kTupleDS,
title = {Algorithms for minimum m-connected k-tuple dominating set problem},
journal = {Theoretical Computer Science},
volume = {381},
number = {1},
pages = {241-247},
year = {2007},
issn = {0304-3975},
author = {Weiping Shang and Pengjun Wan and Frances Yao and Xiaodong Hu}
}
@inproceedings{ICGA,
author = {Yiwei Wu and Yingshu Li},
title = {Construction Algorithms for K-connected M-dominating Sets in Wireless Sensor Networks},
booktitle = {Proceedings of the 9th ACM International Symposium on Mobile Ad Hoc Networking and Computing},
year = {2008},
isbn = {978-1-60558-073-9},
pages = {83--90},
doi = {10.1145/1374618.1374631},
acmid = {1374631},
publisher = {ACM}
}
@ONLINE{CameraInstallation,
title = {Surveillance Camera Installation for your Business},
url = {http://www.downtoearthcommunications.com/com-cctv.php}
}
@Manual{Blender,
title = {Blender - A {3D} Modelling and Rendering Package},
author = {{Blender Online Community}},
organization = {Blender Foundation},
address = {Blender Institute, Amsterdam},
url = {http://www.blender.org}
}
@MANUAL{Suicidator,
title = {Suicidator City Generator - Create {3D} cities},
author = {Arnaud Couturier},
url = {http://cgchan.com/suicidator}
}
@MANUAL{JMVC,
title = {JMVC Reference Software},
url = {http://ftp3.itu.int/av-arch/jvt-site/2008\_10\_Busan/JVT-AC207.zip.}
}

@ARTICLE{CorrAwareScheduling, 
author={L. Toni and T. Maugey and P. Frossard}, 
journal={IEEE Transactions on Multimedia}, 
title={Correlation-Aware Packet Scheduling in Multi-Camera Networks}, 
year={2014}, 
month={Feb}, 
volume={16}, 
number={2}, 
pages={496-509} 
}

@ARTICLE{MQAM, 
author={A.J. Goldsmith and Soon-Ghee Chua}, 
journal={IEEE Transactions on Communications}, 
title={Variable-rate variable-power {MQAM} for fading channels}, 
year={1997}, 
month={Oct}, 
volume={45}, 
number={10}, 
pages={1218-1230}, 
doi={10.1109/26.634685}, 
ISSN={0090-6778}
}

@ARTICLE{MarkovRandomSchedule,
year={2005},
issn={0254-5330},
journal={Annals of Operations Research},
volume={134},
number={1},
doi={10.1007/s10479-005-5724-z},
title={A Tutorial on the Cross-Entropy Method},
publisher={Kluwer Academic Publishers},
author={Pieter-Tjerk de Boer and Dirk P. Kroese and Shie Mannor and Reuven Y. Rubinstein},
pages={19-67},
language={English}
}

@ARTICLE{CE,
year={1999},
issn={1387-5841},
journal={Methodology And Computing In Applied Probability},
volume={1},
number={2},
title={The Cross-Entropy Method for Combinatorial and Continuous Optimization},
publisher={Kluwer Academic Publishers},
author={Reuven Rubinstein},
pages={127-190},
language={English}
}

@article{BB,
author = {E. L. Lawler and D. E. Wood},
title = {Branch-and-Bound Methods: A Survey},
journal = {Operations Research},
volume = {14},
number = {4},
pages = {699-719},
year = {1966},
doi = {10.1287/opre.14.4.699}
}

@INPROCEEDINGS{steven, 
author={Tzu-Chuan Juan and Shih-En Wei and Hung-Yun Hsieh}, 
booktitle={IEEE International Conference on Communications Workshops (ICC)}, 
title={Data-centric clustering for data gathering in machine-to-machine wireless networks}, 
year={2013}, 
month={June}, 
pages={89-94}
}

@techreport{MVCoverview,
author = {Aljoscha Smolic},
title = {Overview of Multiview Video Coding ({MVC})},
institution = {ISO/IEC JTC1/SC29/WG11},
year = {2008},
month = {January},
note = {Doc. N9580}
}

@book{VideoBasedSurveillanceSystem,
  title={Multimedia video-based surveillance systems: Requirements, Issues and Solutions},
  author={Gian Luca Foresti and Petri Mahonen and Carlo S. Regazzoni},
  volume={573},
  year={2012},
  publisher={Springer Science \& Business Media}
}

@book{MultiCameraNetworksBook,
  title={Multi-camera networks: principles and applications},
  author={Hamid Aghajan and Andrea Cavallaro},
  year={2009},
  publisher={Academic press}
}

@ARTICLE{SlepianWolf, 
author={David Slepian and Jack K. Wolf}, 
journal={IEEE Transactions on Information Theory}, 
title={Noiseless coding of correlated information sources}, 
year={1973}, 
month={Jul}, 
volume={19}, 
number={4}, 
pages={471-480}, 
ISSN={0018-9448}
}

@ARTICLE{WynerZiv, 
author={A.D. Wyner and J. Ziv}, 
journal={IEEE Transactions on Information Theory}, 
title={The rate-distortion function for source coding with side information at the decoder}, 
year={1976}, 
month={Jan}, 
volume={22}, 
number={1}, 
pages={1-10},
doi={10.1109/TIT.1976.1055508}, 
ISSN={0018-9448}
}

@INPROCEEDINGS{P2Pstreaming, 
author={E. Kurutepe and T. Sikora}, 
booktitle={15th IEEE International Conference on Image Processing}, 
title={Multi-view video streaming over {P2P} networks with low start-up delay}, 
year={2008}, 
month={Oct}, 
pages={3088-3091}, 
doi={10.1109/ICIP.2008.4712448}, 
ISSN={1522-4880}
}

@ARTICLE{ClientDrivenStreaming, 
author={E. Kurutepe and M. R. Civanlar and A. M. Tekalp}, 
journal={IEEE Transactions on Circuits and Systems for Video Technology}, 
title={Client-Driven Selective Streaming of Multiview Video for Interactive {3DTV}}, 
year={2007}, 
month={Nov}, 
volume={17}, 
number={11}, 
pages={1558-1565}, 
doi={10.1109/TCSVT.2007.903664}, 
ISSN={1051-8215}
}

@ARTICLE{CorrelationAwareRA, 
author={D. Bandari and G. J. Pottie and P. Frossard}, 
journal={IEEE Transactions on Wireless Communications}, 
title={Correlation-Aware Resource Allocation in Multi-Cell Networks}, 
year={2012}, 
month={December}, 
volume={11}, 
number={12}, 
pages={4438-4445}, 
doi={10.1109/TWC.2012.101912.112297}, 
ISSN={1536-1276}
}

@INPROCEEDINGS{AdaptiveCrossLayerRA, 
author={D. Bandari and P. Frossard and G. Pottie}, 
booktitle={Wireless Communications and Networking Conference (WCNC)}, 
title={An adaptive cross layer resource allocation scheme for correlated wireless video sources}, 
year={2011}, 
month={March}, 
pages={2065-2072}, 
doi={10.1109/WCNC.2011.5779447}, 
ISSN={1525-3511}
}

@ARTICLE{BodyAreaSensorNetwork, 
author={C.-H. Wu and Y.-C. Tseng}, 
journal={IEEE Transactions on Mobile Computing}, 
title={Data Compression by Temporal and Spatial Correlations in a Body-Area Sensor Network: A Case Study in Pilates Motion Recognition}, 
year={2011}, 
month={Oct}, 
volume={10}, 
number={10}, 
pages={1459-1472}
}

@INPROCEEDINGS{InterSessionCoding, 
author={Yuchul Kim and G. de Veciana}, 
booktitle={IEEE Military Communications Conference (MILCOM)}, 
title={Is rate adaptation beneficial for inter-session network coding?}, 
year={2008}, 
month={Nov}, 
pages={1-7}, 
doi={10.1109/MILCOM.2008.4753085}
}

@INPROCEEDINGS{BridgeMonitoring, 
author={J. Skulic and K. K. Leung}, 
booktitle={IEEE 23rd International Symposium on Personal Indoor and Mobile Radio Communications (PIMRC)}, 
title={Application of network coding in Wireless Sensor Networks for bridge monitoring}, 
year={2012}, 
month={Sept}, 
pages={789-795}, 
doi={10.1109/PIMRC.2012.6362891}, 
ISSN={2166-9570}
}

@ARTICLE{SpatialCorrInBodySensorNetwork, 
author={Chun-Hao Wu and Yu-Chee Tseng}, 
journal={IEEE Communications Letters}, 
title={Exploiting Multi-Spatial Correlations of Motion Data in a Body Sensor Network}, 
year={2012}, 
month={May}, 
volume={16}, 
number={5}, 
pages={662-665}, 
doi={10.1109/LCOMM.2012.031212.120073}, 
ISSN={1089-7798}
}

@ARTICLE{MWSNresourceAllocation, 
author={Hsien-Po Shiang and M. van der Schaar}, 
journal={IEEE Transactions on Circuits and Systems for Video Technology}, 
title={Information-Constrained Resource Allocation in Multicamera Wireless Surveillance Networks}, 
year={2010}, 
month={April}, 
volume={20}, 
number={4}, 
pages={505-517}, 
doi={10.1109/TCSVT.2009.2035837}, 
ISSN={1051-8215}
}

@INPROCEEDINGS{rateAllocationForVideo, 
author={Xiaoqing Zhu and B. Girod}, 
booktitle={IEEE International Conference on Image Processing (ICIP)}, 
title={Distributed rate allocation for multi-stream video transmission over ad hoc networks}, 
year={2005}, 
month={Sept}, 
volume={2}, 
pages={II-157-60}, 
doi={10.1109/ICIP.2005.1530015}
}

@ARTICLE{efficientRAforVideo, 
author={A. K. Katsaggelos and Y. Eisenberg and Fan Zhai and R. Berry and T. N. Pappas}, 
journal={Proceedings of the IEEE}, 
title={Advances in Efficient Resource Allocation for Packet-Based Real-Time Video Transmission}, 
year={2005}, 
month={Jan}, 
volume={93}, 
number={1}, 
pages={135-147}, 
doi={10.1109/JPROC.2004.839621}, 
ISSN={0018-9219}
}

@INPROCEEDINGS{MWDS_baseline, 
author={Stefano Basagni}, 
booktitle={Fourth International Symposium on Parallel Architectures, Algorithms, and Networks}, 
title={Distributed clustering for ad hoc networks}, 
year={1999}, 
month={}, 
pages={310-315}, 
doi={10.1109/ISPAN.1999.778957}, 
ISSN={1087-4089}
}

@misc{NIP,
  author = {Raymond Hemmecke and Matthias Köppe and Jon Lee and Robert Weismantel},
  title = {{N}onlinear {I}nteger {P}rogramming},
  year = {2009},
  eprint = {0906.5171},
  note = {arXiv:0906.5171v1}
}

@MISC{SetCoveringFormulation,
	author = {Belma Yelbay and S. Ilker Birbil and Kerem Bulbul},
    title = {The Set Covering Problem Revisited: An Empirical Study of the Value of Dual Information},
    year = {2014},
    month = {April},
    howpublished = {Journal of Industrial and Management Optimization}
}

@incollection{SetCoveringNPComplete,
year={1972},
isbn={978-1-4684-2003-6},
booktitle={Complexity of Computer Computations},
series={The IBM Research Symposia Series},
doi={10.1007/978-1-4684-2001-2_9},
title={Reducibility among Combinatorial Problems},
publisher={Springer US},
author={Richard M. Karp},
pages={85-103},
language={English}
}

@book{Restriction,
 author = {Michael T. Goodrich and Roberto Tamassia},
 title = {Algorithm Design: Foundations, Analysis and Internet Examples},
 year = {2009},
 isbn = {0470088540, 9780470088548},
 edition = {2nd},
 publisher = {John Wiley \& Sons, Inc.},
 address = {New York, NY, USA},
}

@book{H264Book,
 author = {Iain E. Richardson},
 title = {The H.264 Advanced Video Compression Standard},
 year = {2010},
 isbn = {0470516925, 9780470516928},
 edition = {2nd},
 publisher = {Wiley Publishing}
} 

@manual{h264Recommendation,
	title	= {{ITU-T} Recommendation {H.264} Series {H}: AUDIOVISUAL AND MULTIMEDIA SYSTEMS Infrastructure of audiovisual services - Coding of moving video},
	organization	= {ITU-T Rec. H.264 | ISO/IEC 14496},
	year	= {2010},
	month	= {Mar},
	note = {{E} 35628}
}

@book{szeliski2010computer,
  title={Computer vision: algorithms and applications},
  author={Richard Szeliski},
  year={2010},
  publisher={Springer Science \& Business Media}
}

@Book{PSNRDef,
  author = {David Salomon},
  title = {Data Compression: The Complete Reference},
  year = {2012},
  month = {July},
  publisher = {Springer},
  ISBN = {1-84628-602-6}
}

@INPROCEEDINGS{HierarchicalBs, 
author={H. Schwarz and D. Marpe and T, Wiegand}, 
booktitle={IEEE International Conference on Multimedia and Expo}, 
title={Analysis of Hierarchical {B} Pictures and {MCTF}}, 
year={2006}, 
month={July}, 
pages={1929-1932}
}

@INPROCEEDINGS{VTCCluster, 
author={Yun-Da Tsai and Chang-Yu Song and Hung-Yun Hsieh}, 
booktitle={IEEE 81st Vehicular Technology Conference (VTC Spring)}, 
title={Joint Optimization of Clustering and Scheduling for Machine-to-Machine Communications in Cellular Wireless Networks}, 
year={2015}, 
month={May}, 
pages={1-5}, 
doi={10.1109/VTCSpring.2015.7145901}
}

@ARTICLE{RobustMVCinWCN,
author={C. Yeo and K. Ramchandran}, 
journal={IEEE Transactions on Image Processing}, 
title={Robust Distributed Multiview Video Compression for Wireless Camera Networks}, 
year={2010}, 
month={April}, 
volume={19}, 
number={4}, 
pages={995-1008}
}